<?xml version="1.0" encoding="UTF-8"?>
<collection xmlns:xsi="http://www.w3.org/2001/XMLSchema-instance" xsi:schemaLocation="http://www.loc.gov/MARC21/slim http://www.loc.gov/standards/marcxml/schema/MARC21slim.xsd" xmlns="http://www.loc.gov/MARC21/slim">
<record>
  <leader>00788cam a22002411  4500</leader>
  <controlfield tag="001">3076643</controlfield>
  <controlfield tag="003">NNC</controlfield>
  <controlfield tag="005">20130426015744.0</controlfield>
  <controlfield tag="008">971118s1963    ir j          000 0 arard</controlfield>
  <datafield tag="010" ind1=" " ind2=" ">
    <subfield code="a">ne 68003598 </subfield>
  </datafield>
  <datafield tag="035" ind1=" " ind2=" ">
    <subfield code="a">(OCoLC)ocm37957139</subfield>
  </datafield>
  <datafield tag="035" ind1=" " ind2=" ">
    <subfield code="9">ATQ0251CU</subfield>
  </datafield>
  <datafield tag="035" ind1=" " ind2=" ">
    <subfield code="a">(NNC)3076643</subfield>
  </datafield>
  <datafield tag="040" ind1=" " ind2=" ">
    <subfield code="a">BNG</subfield>
    <subfield code="c">BNG</subfield>
    <subfield code="d">ZCU</subfield>
  </datafield>
  <datafield tag="050" ind1="0" ind2="0">
    <subfield code="a">BP183.3</subfield>
    <subfield code="b">.K33 1963</subfield>
  </datafield>
  <datafield tag="099" ind1=" " ind2=" ">
    <subfield code="a">893.791</subfield>
    <subfield code="a">K119</subfield>
  </datafield>
  <datafield tag="100" ind1="1" ind2=" ">
    <subfield code="a">Kafʻami, Ibrāhīm ibn ʻAli,</subfield>
    <subfield code="d">active 15th century.</subfield>
  </datafield>
  <datafield tag="245" ind1="1" ind2="3">
    <subfield code="a">al-Balad al-amīn /</subfield>
    <subfield code="b">taʾlīf Taqī al-Dīn Ibrāhīm al-Kafʻamī al-Luwayzī al-Jubaʻī.</subfield>
  </datafield>
  <datafield tag="260" ind1=" " ind2=" ">
    <subfield code="a">Ṭihrān :</subfield>
    <subfield code="b">Maktabat al-Ṣadūq,</subfield>
    <subfield code="c">1383 [1963 or 4]</subfield>
  </datafield>
  <datafield tag="300" ind1=" " ind2=" ">
    <subfield code="a">8, 619 p. :</subfield>
    <subfield code="b">geneal. table. ;</subfield>
    <subfield code="c">36 cm.</subfield>
  </datafield>
  <datafield tag="500" ind1=" " ind2=" ">
    <subfield code="a">Reproduced from MS. copy.</subfield>
  </datafield>
  <datafield tag="650" ind1=" " ind2="0">
    <subfield code="a">Islam</subfield>
    <subfield code="v">Prayers and devotions.</subfield>
  </datafield>
  <datafield tag="955" ind1=" " ind2=" ">
    <subfield code="b">CU58887644</subfield>
    <subfield code="d">off,glx</subfield>
    <subfield code="e">893.791 K119</subfield>
  </datafield>
</record>
</collection>